@ARTICLE{CDR,
	author = {L. Serafini et al.},
	title = {MariX Conceptual Design Report},
	journal = {},
	eprint = {},
	year = {2019},
	pages = {},
	url = {https://repodip.fisica.unimi.it/marix/MariX_CDR.pdf},
}

@article{Jacobson1953,
	doi = {10.3109/00016925309136730},
	year = {1953},
	month = jun,
	publisher = {Informa {UK} Limited},
	volume = {39},
	number = {6},
	pages = {437--452},
	author = {Bertil Jacobson},
	title = {Dichromatic Absorption Radiography. Dichromography},
	journal = {Acta Radiologica}
}

@article{Lehmann1981,
	doi = {10.1118/1.595025},
	year = {1981},
	publisher = {Wiley},
	pages = {659--667},
	author = {L. A. Lehmann and R. E. Alvarez and A. Macovski and W. R. Brody and N. J. Pelc and S. J. Riederer and A. L. Hall},
	title = {Generalized image combinations in dual \{KVP\} digital radiography},
	journal = {Medical Physics},
	}

@article{Lewin2003,
	doi = {10.1148/radiol.2291021276},
	year = {2003},
	publisher = {Radiological Society of North America ({RSNA})},
	pages = {261--268},
	author = {John M. Lewin and Pamela K. Isaacs and Virginia Vance and Fred J. Larke},
	title = {Dual-Energy Contrast-enhanced Digital Subtraction Mammography: Feasibility},
	journal = {Radiology},
}
@article{Paschotta1997,
	doi = {10.1109/3.594865},
	year = {1997},
	month = jul,
	publisher = {Institute of Electrical and Electronics Engineers ({IEEE})},
	volume = {33},
	number = {7},
	pages = {1049--1056},
	author = {R. Paschotta and J. Nilsson and A.C. Tropper and D.C. Hanna},
	title = {Ytterbium-doped fiber amplifiers},
	journal = {{IEEE} Journal of Quantum Electronics}
}

@article{Strickland1985,
	doi = {10.1016/0030-4018(85)90120-8},
	year = {1985},
	month = dec,
	publisher = {Elsevier {BV}},
	volume = {56},
	number = {3},
	pages = {219--221},
	author = {Donna Strickland and Gerard Mourou},
	title = {Compression of amplified chirped optical pulses},
	journal = {Optics Communications}
}

@article{Stolen1978,
	doi = {10.1103/physreva.17.1448},
	year = {1978},
	month = apr,
	publisher = {American Physical Society ({APS})},
	volume = {17},
	number = {4},
	pages = {1448--1453},
	author = {R. H. Stolen and Chinlon Lin},
	title = {Self-phase-modulation in silica optical fibers},
	journal = {Physical Review A}
}

@article{Black2001,
	doi = {10.1119/1.1286663},
	year = {2001},
	month = jan,
	publisher = {American Association of Physics Teachers ({AAPT})},
	volume = {69},
	number = {1},
	pages = {79--87},
	author = {Eric D. Black},
	title = {An introduction to Pound{\textendash}Drever{\textendash}Hall laser frequency stabilization},
	journal = {American Journal of Physics}
}

@article{Compton1923,
	doi = {10.1103/physrev.21.483},
	year = {1923},
	month = may,
	publisher = {American Physical Society ({APS})},
	volume = {21},
	number = {5},
	pages = {483--502},
	author = {Arthur H. Compton},
	title = {A Quantum Theory of the Scattering of X-rays by Light Elements},
	journal = {Physical Review}
}

@book{jackson_classical_1999,
	author = {Jackson, John David},
	edition = {3rd ed.},
	isbn = {9780471309321},
	publisher = {Wiley},
	title = {Classical electrodynamics},
	year = 1999
}

@article{Drebot2017,
	doi = {10.1209/0295-5075/120/14002},
	year = {2017},
	month = oct,
	publisher = {{IOP} Publishing},
	author = {I. Drebot and V. Petrillo and L. Serafini},
	title = {Two-colour X-gamma ray inverse Compton back-scattering source},
	journal = {{EPL} (Europhysics Letters)}
}
@article{Kleckner2010,
	doi = {10.1103/physreva.81.043814},
	year = {2010},
	publisher = {American Physical Society ({APS})},
	author = {Dustin Kleckner and William T. M. Irvine and Sumant S. R. Oemrawsingh and Dirk Bouwmeester},
	title = {Diffraction-limited high-finesse optical cavities},
	journal = {Physical Review A}
}

@article{Klaassen2005,
	doi = {10.1364/ol.30.001959},
	year = {2005},
	publisher = {The Optical Society},
	author = {Thijs Klaassen and Johan de Jong and Martin van Exter and J. P. Woerdman},
	title = {Transverse mode coupling in an optical resonator},
	journal = {Optics Letters}
}

@article{Benedikter2015,
	doi = {10.1088/1367-2630/17/5/053051},
	year = {2015},
	publisher = {{IOP} Publishing},
	author = {Julia Benedikter and Thomas H\"{u}mmer and Matthias Mader and Benedikt Schlederer and Jakob Reichel and Theodor W H\"{a}nsch and David Hunger},
	title = {Transverse-mode coupling and diffraction loss in tunable Fabry{\textendash}P{\'{e}}rot microcavities},
	journal = {New Journal of Physics}
}

@article{Variola2011,
	doi = {10.1103/physrevstab.14.031001},
	url = {https://doi.org/10.1103/physrevstab.14.031001},
	year = {2011},
	publisher = {American Physical Society ({APS})},
	author = {Alessandro Variola and Fabian Zomer and Eugene Bulyak and Peter Gladkikh and Vladislav Skomorokhov and Tsunehiko Omori and Junji Urakawa},
	title = {Luminosity optimization schemes in Compton experiments based on Fabry-Perot optical resonators},
	journal = {Physical Review Special Topics - Accelerators and Beams}
}

@book{siegman86,
	author = {Siegman, Anthony E.},
	interhash = {1e0949bf5ae8d057afa5f93dac76c2eb},
	intrahash = {4e85e2e517d12790f5ed78a6ee7d3917},
	keywords = {cavityQED laser optics},
	publisher = {University Science Books},
	title = {Lasers},
	year = 1986
}

@article{Plachenov2011,
	doi = {10.1070/qe2011v041n01abeh014422},
	url = {https://doi.org/10.1070/qe2011v041n01abeh014422},
	year = {2011},
	publisher = {{IOP} Publishing},
	author = {A B Plachenov and A M Radin},
	title = {Analytical description of a Gaussian beam in a ring resonator with a nonplanar axial contour and an odd number of mirrors},
	journal = {Quantum Electronics}
}

@BOOK{Brouwer1964,
	author = {{Brouwer}, W.},
	title = "{Matrix Methods in Optical Instrument Design}",
	booktitle = {Matrix Methods in Optical Instrument Design, by Willem Brouwer New York, NY: W.~A.~Benjamin, INC., 1964},
	year = 1964,
	month = apr,
	adsurl = {https://ui.adsabs.harvard.edu/abs/1964mmoi.book.....B},
	adsnote = {Provided by the SAO/NASA Astrophysics Data System}
}

@book{svelto2010,
	Author = {Orazio Svelto},
	title = {Principles of Lasers},
	description = {Principles of Lasers (Book, 2010)},
	publisher = {Springer},
	year = {2010},
	month = {mar},
}

@article{Winkler1991,
	doi = {10.1103/physreva.44.7022},
	year = {1991},
	month = dec,
	publisher = {American Physical Society ({APS})},
	author = {W. Winkler and K. Danzmann and A. R\"{u}diger and R. Schilling},
	title = {Heating by optical absorption and the performance of interferometric gravitational-wave detectors},
	journal = {Physical Review A}
}
@article{Garmire2003,
	doi = {10.1364/ao.42.005442},
	year = {2003},
	month = sep,
	publisher = {The Optical Society},
	author = {Elsa Garmire},
	title = {Theory of quarter-wave-stack dielectric mirrors used in a thin Fabry-Perot filter},
	journal = {Applied Optics}
}